%YAML 1.1
%TAG !u! tag:unity3d.com,2011:
--- !u!29 &1
OcclusionCullingSettings:
  m_ObjectHideFlags: 0
  serializedVersion: 2
  m_OcclusionBakeSettings:
    smallestOccluder: 5
    smallestHole: 0.25
    backfaceThreshold: 100
  m_SceneGUID: 00000000000000000000000000000000
  m_OcclusionCullingData: {fileID: 0}
--- !u!104 &2
RenderSettings:
  m_ObjectHideFlags: 0
  serializedVersion: 9
  m_Fog: 0
  m_FogColor: {r: 0.5, g: 0.5, b: 0.5, a: 1}
  m_FogMode: 3
  m_FogDensity: 0.01
  m_LinearFogStart: 0
  m_LinearFogEnd: 300
  m_AmbientSkyColor: {r: 0.212, g: 0.227, b: 0.259, a: 1}
  m_AmbientEquatorColor: {r: 0.114, g: 0.125, b: 0.133, a: 1}
  m_AmbientGroundColor: {r: 0.047, g: 0.043, b: 0.035, a: 1}
  m_AmbientIntensity: 1
  m_AmbientMode: 0
  m_SubtractiveShadowColor: {r: 0.42, g: 0.478, b: 0.627, a: 1}
  m_SkyboxMaterial: {fileID: 2100000, guid: 669137481ff8ae34fb024e0db5974c1b, type: 2}
  m_HaloStrength: 0.5
  m_FlareStrength: 1
  m_FlareFadeSpeed: 3
  m_HaloTexture: {fileID: 0}
  m_SpotCookie: {fileID: 10001, guid: 0000000000000000e000000000000000, type: 0}
  m_DefaultReflectionMode: 0
  m_DefaultReflectionResolution: 128
  m_ReflectionBounces: 1
  m_ReflectionIntensity: 1
  m_CustomReflection: {fileID: 0}
  m_Sun: {fileID: 705507994}
  m_IndirectSpecularColor: {r: 0.63355803, g: 0.6394487, b: 0.67400616, a: 1}
  m_UseRadianceAmbientProbe: 0
--- !u!157 &3
LightmapSettings:
  m_ObjectHideFlags: 0
  serializedVersion: 12
  m_GIWorkflowMode: 1
  m_GISettings:
    serializedVersion: 2
    m_BounceScale: 1
    m_IndirectOutputScale: 1
    m_AlbedoBoost: 1
    m_EnvironmentLightingMode: 0
    m_EnableBakedLightmaps: 1
    m_EnableRealtimeLightmaps: 0
  m_LightmapEditorSettings:
    serializedVersion: 12
    m_Resolution: 2
    m_BakeResolution: 40
    m_AtlasSize: 1024
    m_AO: 0
    m_AOMaxDistance: 1
    m_CompAOExponent: 1
    m_CompAOExponentDirect: 0
    m_ExtractAmbientOcclusion: 0
    m_Padding: 2
    m_LightmapParameters: {fileID: 0}
    m_LightmapsBakeMode: 1
    m_TextureCompression: 1
    m_FinalGather: 0
    m_FinalGatherFiltering: 1
    m_FinalGatherRayCount: 256
    m_ReflectionCompression: 2
    m_MixedBakeMode: 2
    m_BakeBackend: 1
    m_PVRSampling: 1
    m_PVRDirectSampleCount: 32
    m_PVRSampleCount: 500
    m_PVRBounces: 2
    m_PVREnvironmentSampleCount: 500
    m_PVREnvironmentReferencePointCount: 2048
    m_PVRFilteringMode: 2
    m_PVRDenoiserTypeDirect: 0
    m_PVRDenoiserTypeIndirect: 0
    m_PVRDenoiserTypeAO: 0
    m_PVRFilterTypeDirect: 0
    m_PVRFilterTypeIndirect: 0
    m_PVRFilterTypeAO: 0
    m_PVREnvironmentMIS: 0
    m_PVRCulling: 1
    m_PVRFilteringGaussRadiusDirect: 1
    m_PVRFilteringGaussRadiusIndirect: 5
    m_PVRFilteringGaussRadiusAO: 2
    m_PVRFilteringAtrousPositionSigmaDirect: 0.5
    m_PVRFilteringAtrousPositionSigmaIndirect: 2
    m_PVRFilteringAtrousPositionSigmaAO: 1
    m_ExportTrainingData: 0
    m_TrainingDataDestination: TrainingData
    m_LightProbeSampleCountMultiplier: 4
  m_LightingDataAsset: {fileID: 0}
  m_LightingSettings: {fileID: 0}
--- !u!196 &4
NavMeshSettings:
  serializedVersion: 2
  m_ObjectHideFlags: 0
  m_BuildSettings:
    serializedVersion: 3
    agentTypeID: 0
    agentRadius: 0.5
    agentHeight: 2
    agentSlope: 45
    agentClimb: 0.4
    ledgeDropHeight: 0
    maxJumpAcrossDistance: 0
    minRegionArea: 2
    manualCellSize: 0
    cellSize: 0.16666667
    manualTileSize: 0
    tileSize: 256
    buildHeightMesh: 0
    maxJobWorkers: 0
    preserveTilesOutsideBounds: 0
    debug:
      m_Flags: 0
  m_NavMeshData: {fileID: 0}
--- !u!1001 &137790291
PrefabInstance:
  m_ObjectHideFlags: 0
  serializedVersion: 2
  m_Modification:
    serializedVersion: 3
    m_TransformParent: {fileID: 0}
    m_Modifications:
    - target: {fileID: 130416, guid: 70f277dcf2cdfdd4db7ee0ca76e07767, type: 3}
      propertyPath: m_Name
      value: Red
      objectReference: {fileID: 0}
    - target: {fileID: 459364, guid: 70f277dcf2cdfdd4db7ee0ca76e07767, type: 3}
      propertyPath: m_LocalScale.x
      value: 10.201162
      objectReference: {fileID: 0}
    - target: {fileID: 459364, guid: 70f277dcf2cdfdd4db7ee0ca76e07767, type: 3}
      propertyPath: m_LocalScale.y
      value: 10.201162
      objectReference: {fileID: 0}
    - target: {fileID: 459364, guid: 70f277dcf2cdfdd4db7ee0ca76e07767, type: 3}
      propertyPath: m_LocalScale.z
      value: 10.201162
      objectReference: {fileID: 0}
    - target: {fileID: 459364, guid: 70f277dcf2cdfdd4db7ee0ca76e07767, type: 3}
      propertyPath: m_LocalPosition.x
      value: -295.9
      objectReference: {fileID: 0}
    - target: {fileID: 459364, guid: 70f277dcf2cdfdd4db7ee0ca76e07767, type: 3}
      propertyPath: m_LocalPosition.y
      value: 168.9
      objectReference: {fileID: 0}
    - target: {fileID: 459364, guid: 70f277dcf2cdfdd4db7ee0ca76e07767, type: 3}
      propertyPath: m_LocalPosition.z
      value: 335.9
      objectReference: {fileID: 0}
    - target: {fileID: 459364, guid: 70f277dcf2cdfdd4db7ee0ca76e07767, type: 3}
      propertyPath: m_LocalRotation.w
      value: 0.42879456
      objectReference: {fileID: 0}
    - target: {fileID: 459364, guid: 70f277dcf2cdfdd4db7ee0ca76e07767, type: 3}
      propertyPath: m_LocalRotation.x
      value: -0.05320342
      objectReference: {fileID: 0}
    - target: {fileID: 459364, guid: 70f277dcf2cdfdd4db7ee0ca76e07767, type: 3}
      propertyPath: m_LocalRotation.y
      value: 0.90147895
      objectReference: {fileID: 0}
    - target: {fileID: 459364, guid: 70f277dcf2cdfdd4db7ee0ca76e07767, type: 3}
      propertyPath: m_LocalRotation.z
      value: 0.02530657
      objectReference: {fileID: 0}
    - target: {fileID: 459364, guid: 70f277dcf2cdfdd4db7ee0ca76e07767, type: 3}
      propertyPath: m_LocalEulerAnglesHint.x
      value: -5.236
      objectReference: {fileID: 0}
    - target: {fileID: 459364, guid: 70f277dcf2cdfdd4db7ee0ca76e07767, type: 3}
      propertyPath: m_LocalEulerAnglesHint.y
      value: 129.319
      objectReference: {fileID: 0}
    - target: {fileID: 459364, guid: 70f277dcf2cdfdd4db7ee0ca76e07767, type: 3}
      propertyPath: m_LocalEulerAnglesHint.z
      value: -4.274
      objectReference: {fileID: 0}
    m_RemovedComponents: []
    m_RemovedGameObjects: []
    m_AddedGameObjects: []
    m_AddedComponents: []
  m_SourcePrefab: {fileID: 100100000, guid: 70f277dcf2cdfdd4db7ee0ca76e07767, type: 3}
--- !u!1001 &257115935
PrefabInstance:
  m_ObjectHideFlags: 0
  serializedVersion: 2
  m_Modification:
    serializedVersion: 3
    m_TransformParent: {fileID: 0}
    m_Modifications:
    - target: {fileID: 116688, guid: 09ade59177310454ba3c93ae4b7dc125, type: 3}
      propertyPath: m_Name
      value: Purple
      objectReference: {fileID: 0}
    - target: {fileID: 475692, guid: 09ade59177310454ba3c93ae4b7dc125, type: 3}
      propertyPath: m_LocalScale.x
      value: 8.7784195
      objectReference: {fileID: 0}
    - target: {fileID: 475692, guid: 09ade59177310454ba3c93ae4b7dc125, type: 3}
      propertyPath: m_LocalScale.y
      value: 8.7784195
      objectReference: {fileID: 0}
    - target: {fileID: 475692, guid: 09ade59177310454ba3c93ae4b7dc125, type: 3}
      propertyPath: m_LocalScale.z
      value: 8.7784195
      objectReference: {fileID: 0}
    - target: {fileID: 475692, guid: 09ade59177310454ba3c93ae4b7dc125, type: 3}
      propertyPath: m_LocalPosition.x
      value: -397.13226
      objectReference: {fileID: 0}
    - target: {fileID: 475692, guid: 09ade59177310454ba3c93ae4b7dc125, type: 3}
      propertyPath: m_LocalPosition.y
      value: 44.1
      objectReference: {fileID: 0}
    - target: {fileID: 475692, guid: 09ade59177310454ba3c93ae4b7dc125, type: 3}
      propertyPath: m_LocalPosition.z
      value: -159.23021
      objectReference: {fileID: 0}
    - target: {fileID: 475692, guid: 09ade59177310454ba3c93ae4b7dc125, type: 3}
      propertyPath: m_LocalRotation.w
      value: 0.88363266
      objectReference: {fileID: 0}
    - target: {fileID: 475692, guid: 09ade59177310454ba3c93ae4b7dc125, type: 3}
      propertyPath: m_LocalRotation.x
      value: -0.060268316
      objectReference: {fileID: 0}
    - target: {fileID: 475692, guid: 09ade59177310454ba3c93ae4b7dc125, type: 3}
      propertyPath: m_LocalRotation.y
      value: 0.46351635
      objectReference: {fileID: 0}
    - target: {fileID: 475692, guid: 09ade59177310454ba3c93ae4b7dc125, type: 3}
      propertyPath: m_LocalRotation.z
      value: 0.026716644
      objectReference: {fileID: 0}
    - target: {fileID: 475692, guid: 09ade59177310454ba3c93ae4b7dc125, type: 3}
      propertyPath: m_LocalEulerAnglesHint.x
      value: -7.543
      objectReference: {fileID: 0}
    - target: {fileID: 475692, guid: 09ade59177310454ba3c93ae4b7dc125, type: 3}
      propertyPath: m_LocalEulerAnglesHint.y
      value: 55.392
      objectReference: {fileID: 0}
    - target: {fileID: 475692, guid: 09ade59177310454ba3c93ae4b7dc125, type: 3}
      propertyPath: m_LocalEulerAnglesHint.z
      value: -0.5
      objectReference: {fileID: 0}
    m_RemovedComponents: []
    m_RemovedGameObjects: []
    m_AddedGameObjects: []
    m_AddedComponents: []
  m_SourcePrefab: {fileID: 100100000, guid: 09ade59177310454ba3c93ae4b7dc125, type: 3}
--- !u!1001 &346663877
PrefabInstance:
  m_ObjectHideFlags: 0
  serializedVersion: 2
  m_Modification:
    serializedVersion: 3
    m_TransformParent: {fileID: 0}
    m_Modifications:
    - target: {fileID: 135744, guid: 4e7d7ecd1eafb1746a1fcb020505943c, type: 3}
      propertyPath: m_Name
      value: Green (1)
      objectReference: {fileID: 0}
    - target: {fileID: 463670, guid: 4e7d7ecd1eafb1746a1fcb020505943c, type: 3}
      propertyPath: m_LocalScale.x
      value: 5.3053193
      objectReference: {fileID: 0}
    - target: {fileID: 463670, guid: 4e7d7ecd1eafb1746a1fcb020505943c, type: 3}
      propertyPath: m_LocalScale.y
      value: 5.3053193
      objectReference: {fileID: 0}
    - target: {fileID: 463670, guid: 4e7d7ecd1eafb1746a1fcb020505943c, type: 3}
      propertyPath: m_LocalScale.z
      value: 5.3053193
      objectReference: {fileID: 0}
    - target: {fileID: 463670, guid: 4e7d7ecd1eafb1746a1fcb020505943c, type: 3}
      propertyPath: m_LocalPosition.x
      value: 45.5
      objectReference: {fileID: 0}
    - target: {fileID: 463670, guid: 4e7d7ecd1eafb1746a1fcb020505943c, type: 3}
      propertyPath: m_LocalPosition.y
      value: 20.7
      objectReference: {fileID: 0}
    - target: {fileID: 463670, guid: 4e7d7ecd1eafb1746a1fcb020505943c, type: 3}
      propertyPath: m_LocalPosition.z
      value: 192.4
      objectReference: {fileID: 0}
    - target: {fileID: 463670, guid: 4e7d7ecd1eafb1746a1fcb020505943c, type: 3}
      propertyPath: m_LocalRotation.w
      value: 0.9479975
      objectReference: {fileID: 0}
    - target: {fileID: 463670, guid: 4e7d7ecd1eafb1746a1fcb020505943c, type: 3}
      propertyPath: m_LocalRotation.x
      value: -0.03257221
      objectReference: {fileID: 0}
    - target: {fileID: 463670, guid: 4e7d7ecd1eafb1746a1fcb020505943c, type: 3}
      propertyPath: m_LocalRotation.y
      value: -0.31660512
      objectReference: {fileID: 0}
    - target: {fileID: 463670, guid: 4e7d7ecd1eafb1746a1fcb020505943c, type: 3}
      propertyPath: m_LocalRotation.z
      value: -0.0010253064
      objectReference: {fileID: 0}
    - target: {fileID: 463670, guid: 4e7d7ecd1eafb1746a1fcb020505943c, type: 3}
      propertyPath: m_LocalEulerAnglesHint.x
      value: -3.578
      objectReference: {fileID: 0}
    - target: {fileID: 463670, guid: 4e7d7ecd1eafb1746a1fcb020505943c, type: 3}
      propertyPath: m_LocalEulerAnglesHint.y
      value: -36.969
      objectReference: {fileID: 0}
    - target: {fileID: 463670, guid: 4e7d7ecd1eafb1746a1fcb020505943c, type: 3}
      propertyPath: m_LocalEulerAnglesHint.z
      value: 1.072
      objectReference: {fileID: 0}
    m_RemovedComponents: []
    m_RemovedGameObjects: []
    m_AddedGameObjects: []
    m_AddedComponents: []
  m_SourcePrefab: {fileID: 100100000, guid: 4e7d7ecd1eafb1746a1fcb020505943c, type: 3}
--- !u!1001 &537095657
PrefabInstance:
  m_ObjectHideFlags: 0
  serializedVersion: 2
  m_Modification:
    serializedVersion: 3
    m_TransformParent: {fileID: 0}
    m_Modifications:
    - target: {fileID: 135744, guid: 4e7d7ecd1eafb1746a1fcb020505943c, type: 3}
      propertyPath: m_Name
      value: Green
      objectReference: {fileID: 0}
    - target: {fileID: 463670, guid: 4e7d7ecd1eafb1746a1fcb020505943c, type: 3}
      propertyPath: m_LocalScale.x
      value: 5.3053193
      objectReference: {fileID: 0}
    - target: {fileID: 463670, guid: 4e7d7ecd1eafb1746a1fcb020505943c, type: 3}
      propertyPath: m_LocalScale.y
      value: 5.3053193
      objectReference: {fileID: 0}
    - target: {fileID: 463670, guid: 4e7d7ecd1eafb1746a1fcb020505943c, type: 3}
      propertyPath: m_LocalScale.z
      value: 5.3053193
      objectReference: {fileID: 0}
    - target: {fileID: 463670, guid: 4e7d7ecd1eafb1746a1fcb020505943c, type: 3}
      propertyPath: m_LocalPosition.x
      value: -20.589481
      objectReference: {fileID: 0}
    - target: {fileID: 463670, guid: 4e7d7ecd1eafb1746a1fcb020505943c, type: 3}
      propertyPath: m_LocalPosition.y
      value: 23
      objectReference: {fileID: 0}
    - target: {fileID: 463670, guid: 4e7d7ecd1eafb1746a1fcb020505943c, type: 3}
      propertyPath: m_LocalPosition.z
      value: 180.44624
      objectReference: {fileID: 0}
    - target: {fileID: 463670, guid: 4e7d7ecd1eafb1746a1fcb020505943c, type: 3}
      propertyPath: m_LocalRotation.w
      value: 0.9954462
      objectReference: {fileID: 0}
    - target: {fileID: 463670, guid: 4e7d7ecd1eafb1746a1fcb020505943c, type: 3}
      propertyPath: m_LocalRotation.x
      value: -0.030256283
      objectReference: {fileID: 0}
    - target: {fileID: 463670, guid: 4e7d7ecd1eafb1746a1fcb020505943c, type: 3}
      propertyPath: m_LocalRotation.y
      value: 0.089582115
      objectReference: {fileID: 0}
    - target: {fileID: 463670, guid: 4e7d7ecd1eafb1746a1fcb020505943c, type: 3}
      propertyPath: m_LocalRotation.z
      value: 0.01210609
      objectReference: {fileID: 0}
    - target: {fileID: 463670, guid: 4e7d7ecd1eafb1746a1fcb020505943c, type: 3}
      propertyPath: m_LocalEulerAnglesHint.x
      value: -3.578
      objectReference: {fileID: 0}
    - target: {fileID: 463670, guid: 4e7d7ecd1eafb1746a1fcb020505943c, type: 3}
      propertyPath: m_LocalEulerAnglesHint.y
      value: 10.251
      objectReference: {fileID: 0}
    - target: {fileID: 463670, guid: 4e7d7ecd1eafb1746a1fcb020505943c, type: 3}
      propertyPath: m_LocalEulerAnglesHint.z
      value: 1.072
      objectReference: {fileID: 0}
    m_RemovedComponents: []
    m_RemovedGameObjects: []
    m_AddedGameObjects: []
    m_AddedComponents: []
  m_SourcePrefab: {fileID: 100100000, guid: 4e7d7ecd1eafb1746a1fcb020505943c, type: 3}
--- !u!1 &705507993
GameObject:
  m_ObjectHideFlags: 0
  m_CorrespondingSourceObject: {fileID: 0}
  m_PrefabInstance: {fileID: 0}
  m_PrefabAsset: {fileID: 0}
  serializedVersion: 6
  m_Component:
  - component: {fileID: 705507995}
  - component: {fileID: 705507994}
  m_Layer: 0
  m_Name: Directional Light
  m_TagString: Untagged
  m_Icon: {fileID: 0}
  m_NavMeshLayer: 0
  m_StaticEditorFlags: 0
  m_IsActive: 1
--- !u!108 &705507994
Light:
  m_ObjectHideFlags: 0
  m_CorrespondingSourceObject: {fileID: 0}
  m_PrefabInstance: {fileID: 0}
  m_PrefabAsset: {fileID: 0}
  m_GameObject: {fileID: 705507993}
  m_Enabled: 1
  serializedVersion: 10
  m_Type: 1
  m_Shape: 0
  m_Color: {r: 1, g: 0.95686275, b: 0.8392157, a: 1}
  m_Intensity: 1
  m_Range: 10
  m_SpotAngle: 30
  m_InnerSpotAngle: 21.80208
  m_CookieSize: 10
  m_Shadows:
    m_Type: 2
    m_Resolution: -1
    m_CustomResolution: -1
    m_Strength: 1
    m_Bias: 0.05
    m_NormalBias: 0.4
    m_NearPlane: 0.2
    m_CullingMatrixOverride:
      e00: 1
      e01: 0
      e02: 0
      e03: 0
      e10: 0
      e11: 1
      e12: 0
      e13: 0
      e20: 0
      e21: 0
      e22: 1
      e23: 0
      e30: 0
      e31: 0
      e32: 0
      e33: 1
    m_UseCullingMatrixOverride: 0
  m_Cookie: {fileID: 0}
  m_DrawHalo: 0
  m_Flare: {fileID: 0}
  m_RenderMode: 0
  m_CullingMask:
    serializedVersion: 2
    m_Bits: 4294967295
  m_RenderingLayerMask: 1
  m_Lightmapping: 1
  m_LightShadowCasterMode: 0
  m_AreaSize: {x: 1, y: 1}
  m_BounceIntensity: 1
  m_ColorTemperature: 6570
  m_UseColorTemperature: 0
  m_BoundingSphereOverride: {x: 0, y: 0, z: 0, w: 0}
  m_UseBoundingSphereOverride: 0
  m_UseViewFrustumForShadowCasterCull: 1
  m_ShadowRadius: 0
  m_ShadowAngle: 0
--- !u!4 &705507995
Transform:
  m_ObjectHideFlags: 0
  m_CorrespondingSourceObject: {fileID: 0}
  m_PrefabInstance: {fileID: 0}
  m_PrefabAsset: {fileID: 0}
  m_GameObject: {fileID: 705507993}
  serializedVersion: 2
  m_LocalRotation: {x: 0.40821788, y: -0.23456968, z: 0.10938163, w: 0.8754261}
  m_LocalPosition: {x: 0, y: 3, z: 0}
  m_LocalScale: {x: 1, y: 1, z: 1}
  m_ConstrainProportionsScale: 0
  m_Children: []
  m_Father: {fileID: 0}
  m_LocalEulerAnglesHint: {x: 50, y: -30, z: 0}
--- !u!1001 &767774691
PrefabInstance:
  m_ObjectHideFlags: 0
  serializedVersion: 2
  m_Modification:
    serializedVersion: 3
    m_TransformParent: {fileID: 0}
    m_Modifications:
    - target: {fileID: 132742, guid: a3e7850e56f7e2d4a8cb9e150f10c835, type: 3}
      propertyPath: m_Name
      value: DarkBlue
      objectReference: {fileID: 0}
    - target: {fileID: 409566, guid: a3e7850e56f7e2d4a8cb9e150f10c835, type: 3}
      propertyPath: m_LocalScale.x
      value: 24.27387
      objectReference: {fileID: 0}
    - target: {fileID: 409566, guid: a3e7850e56f7e2d4a8cb9e150f10c835, type: 3}
      propertyPath: m_LocalScale.y
      value: 24.27387
      objectReference: {fileID: 0}
    - target: {fileID: 409566, guid: a3e7850e56f7e2d4a8cb9e150f10c835, type: 3}
      propertyPath: m_LocalScale.z
      value: 24.27387
      objectReference: {fileID: 0}
    - target: {fileID: 409566, guid: a3e7850e56f7e2d4a8cb9e150f10c835, type: 3}
      propertyPath: m_LocalPosition.x
      value: 28.678593
      objectReference: {fileID: 0}
    - target: {fileID: 409566, guid: a3e7850e56f7e2d4a8cb9e150f10c835, type: 3}
      propertyPath: m_LocalPosition.y
      value: 78.3
      objectReference: {fileID: 0}
    - target: {fileID: 409566, guid: a3e7850e56f7e2d4a8cb9e150f10c835, type: 3}
      propertyPath: m_LocalPosition.z
      value: -9.927698
      objectReference: {fileID: 0}
    - target: {fileID: 409566, guid: a3e7850e56f7e2d4a8cb9e150f10c835, type: 3}
      propertyPath: m_LocalRotation.w
      value: 0.99922556
      objectReference: {fileID: 0}
    - target: {fileID: 409566, guid: a3e7850e56f7e2d4a8cb9e150f10c835, type: 3}
      propertyPath: m_LocalRotation.x
      value: 0.030707242
      objectReference: {fileID: 0}
    - target: {fileID: 409566, guid: a3e7850e56f7e2d4a8cb9e150f10c835, type: 3}
      propertyPath: m_LocalRotation.y
      value: 0.024593338
      objectReference: {fileID: 0}
    - target: {fileID: 409566, guid: a3e7850e56f7e2d4a8cb9e150f10c835, type: 3}
      propertyPath: m_LocalRotation.z
      value: 0.0007557791
      objectReference: {fileID: 0}
    - target: {fileID: 409566, guid: a3e7850e56f7e2d4a8cb9e150f10c835, type: 3}
      propertyPath: m_LocalEulerAnglesHint.x
      value: 3.516
      objectReference: {fileID: 0}
    - target: {fileID: 409566, guid: a3e7850e56f7e2d4a8cb9e150f10c835, type: 3}
      propertyPath: m_LocalEulerAnglesHint.y
      value: 2.825
      objectReference: {fileID: 0}
    - target: {fileID: 409566, guid: a3e7850e56f7e2d4a8cb9e150f10c835, type: 3}
      propertyPath: m_LocalEulerAnglesHint.z
      value: 0.173
      objectReference: {fileID: 0}
    m_RemovedComponents: []
    m_RemovedGameObjects: []
    m_AddedGameObjects: []
    m_AddedComponents: []
  m_SourcePrefab: {fileID: 100100000, guid: a3e7850e56f7e2d4a8cb9e150f10c835, type: 3}
--- !u!1 &963194225
GameObject:
  m_ObjectHideFlags: 0
  m_CorrespondingSourceObject: {fileID: 0}
  m_PrefabInstance: {fileID: 0}
  m_PrefabAsset: {fileID: 0}
  serializedVersion: 6
  m_Component:
  - component: {fileID: 963194228}
  - component: {fileID: 963194227}
  - component: {fileID: 963194226}
  m_Layer: 0
  m_Name: Main Camera
  m_TagString: MainCamera
  m_Icon: {fileID: 0}
  m_NavMeshLayer: 0
  m_StaticEditorFlags: 0
  m_IsActive: 1
--- !u!81 &963194226
AudioListener:
  m_ObjectHideFlags: 0
  m_CorrespondingSourceObject: {fileID: 0}
  m_PrefabInstance: {fileID: 0}
  m_PrefabAsset: {fileID: 0}
  m_GameObject: {fileID: 963194225}
  m_Enabled: 1
--- !u!20 &963194227
Camera:
  m_ObjectHideFlags: 0
  m_CorrespondingSourceObject: {fileID: 0}
  m_PrefabInstance: {fileID: 0}
  m_PrefabAsset: {fileID: 0}
  m_GameObject: {fileID: 963194225}
  m_Enabled: 1
  serializedVersion: 2
  m_ClearFlags: 1
  m_BackGroundColor: {r: 0.19215687, g: 0.3019608, b: 0.4745098, a: 0}
  m_projectionMatrixMode: 1
  m_GateFitMode: 2
  m_FOVAxisMode: 0
  m_Iso: 200
  m_ShutterSpeed: 0.005
  m_Aperture: 16
  m_FocusDistance: 10
  m_FocalLength: 50
  m_BladeCount: 5
  m_Curvature: {x: 2, y: 11}
  m_BarrelClipping: 0.25
  m_Anamorphism: 0
  m_SensorSize: {x: 36, y: 24}
  m_LensShift: {x: 0, y: 0}
  m_NormalizedViewPortRect:
    serializedVersion: 2
    x: 0
    y: 0
    width: 1
    height: 1
  near clip plane: 0.3
  far clip plane: 1000
  field of view: 60
  orthographic: 0
  orthographic size: 5
  m_Depth: -1
  m_CullingMask:
    serializedVersion: 2
    m_Bits: 4294967295
  m_RenderingPath: -1
  m_TargetTexture: {fileID: 0}
  m_TargetDisplay: 0
  m_TargetEye: 3
  m_HDR: 1
  m_AllowMSAA: 1
  m_AllowDynamicResolution: 0
  m_ForceIntoRT: 0
  m_OcclusionCulling: 1
  m_StereoConvergence: 10
  m_StereoSeparation: 0.022
--- !u!4 &963194228
Transform:
  m_ObjectHideFlags: 0
  m_CorrespondingSourceObject: {fileID: 0}
  m_PrefabInstance: {fileID: 0}
  m_PrefabAsset: {fileID: 0}
  m_GameObject: {fileID: 963194225}
  serializedVersion: 2
  m_LocalRotation: {x: -0, y: 0.9993405, z: -0, w: 0.03631279}
  m_LocalPosition: {x: -19, y: 110.7, z: 438.6}
  m_LocalScale: {x: 1, y: 1, z: 1}
  m_ConstrainProportionsScale: 0
  m_Children: []
  m_Father: {fileID: 0}
  m_LocalEulerAnglesHint: {x: 0, y: 175.838, z: 0}
--- !u!1 &1075666356
GameObject:
  m_ObjectHideFlags: 0
  m_CorrespondingSourceObject: {fileID: 0}
  m_PrefabInstance: {fileID: 0}
  m_PrefabAsset: {fileID: 0}
  serializedVersion: 6
  m_Component:
  - component: {fileID: 1075666359}
  - component: {fileID: 1075666358}
  - component: {fileID: 1075666357}
  m_Layer: 0
  m_Name: Terrano
  m_TagString: Untagged
  m_Icon: {fileID: 0}
  m_NavMeshLayer: 0
  m_StaticEditorFlags: 2147483647
  m_IsActive: 1
--- !u!154 &1075666357
TerrainCollider:
  m_ObjectHideFlags: 0
  m_CorrespondingSourceObject: {fileID: 0}
  m_PrefabInstance: {fileID: 0}
  m_PrefabAsset: {fileID: 0}
  m_GameObject: {fileID: 1075666356}
  m_Material: {fileID: 0}
  m_IncludeLayers:
    serializedVersion: 2
    m_Bits: 0
  m_ExcludeLayers:
    serializedVersion: 2
    m_Bits: 0
  m_LayerOverridePriority: 0
  m_ProvidesContacts: 0
  m_Enabled: 1
  serializedVersion: 2
  m_TerrainData: {fileID: 15600000, guid: ccb0e1c72c422da46930ae43f78a418e, type: 2}
  m_EnableTreeColliders: 1
--- !u!218 &1075666358
Terrain:
  m_ObjectHideFlags: 0
  m_CorrespondingSourceObject: {fileID: 0}
  m_PrefabInstance: {fileID: 0}
  m_PrefabAsset: {fileID: 0}
  m_GameObject: {fileID: 1075666356}
  m_Enabled: 1
  serializedVersion: 6
  m_TerrainData: {fileID: 15600000, guid: ccb0e1c72c422da46930ae43f78a418e, type: 2}
  m_TreeDistance: 5000
  m_TreeBillboardDistance: 50
  m_TreeCrossFadeLength: 5
  m_TreeMaximumFullLODCount: 50
  m_DetailObjectDistance: 1000
  m_DetailObjectDensity: 1
  m_HeightmapPixelError: 5
  m_SplatMapDistance: 1000
  m_HeightmapMaximumLOD: 0
  m_ShadowCastingMode: 2
  m_DrawHeightmap: 1
  m_DrawInstanced: 0
  m_DrawTreesAndFoliage: 1
  m_StaticShadowCaster: 0
  m_IgnoreQualitySettings: 0
  m_ReflectionProbeUsage: 1
  m_MaterialTemplate: {fileID: 10652, guid: 0000000000000000f000000000000000, type: 0}
  m_BakeLightProbesForTrees: 1
  m_PreserveTreePrototypeLayers: 0
  m_DeringLightProbesForTrees: 1
  m_ReceiveGI: 1
  m_ScaleInLightmap: 0.0256
  m_LightmapParameters: {fileID: 15203, guid: 0000000000000000f000000000000000, type: 0}
  m_GroupingID: 0
  m_RenderingLayerMask: 1
  m_AllowAutoConnect: 1
  m_EnableHeightmapRayTracing: 1
  m_EnableTreesAndDetailsRayTracing: 0
  m_TreeMotionVectorModeOverride: 3
--- !u!4 &1075666359
Transform:
  m_ObjectHideFlags: 0
  m_CorrespondingSourceObject: {fileID: 0}
  m_PrefabInstance: {fileID: 0}
  m_PrefabAsset: {fileID: 0}
  m_GameObject: {fileID: 1075666356}
  serializedVersion: 2
  m_LocalRotation: {x: -0.06591561, y: -0, z: -0, w: 0.99782526}
  m_LocalPosition: {x: -488.4, y: 5.2, z: -484.61304}
  m_LocalScale: {x: 1, y: 1, z: 1}
  m_ConstrainProportionsScale: 0
  m_Children: []
  m_Father: {fileID: 0}
  m_LocalEulerAnglesHint: {x: -7.559, y: 0, z: 0}
--- !u!1001 &1098711885
PrefabInstance:
  m_ObjectHideFlags: 0
  serializedVersion: 2
  m_Modification:
    serializedVersion: 3
    m_TransformParent: {fileID: 0}
    m_Modifications:
    - target: {fileID: 139696, guid: eb58e8f2831a51f45a44a261e6710cdd, type: 3}
      propertyPath: m_Name
      value: Red (1)
      objectReference: {fileID: 0}
    - target: {fileID: 485588, guid: eb58e8f2831a51f45a44a261e6710cdd, type: 3}
      propertyPath: m_LocalScale.x
      value: 12.032367
      objectReference: {fileID: 0}
    - target: {fileID: 485588, guid: eb58e8f2831a51f45a44a261e6710cdd, type: 3}
      propertyPath: m_LocalScale.y
      value: 12.032367
      objectReference: {fileID: 0}
    - target: {fileID: 485588, guid: eb58e8f2831a51f45a44a261e6710cdd, type: 3}
      propertyPath: m_LocalScale.z
      value: 12.032367
      objectReference: {fileID: 0}
    - target: {fileID: 485588, guid: eb58e8f2831a51f45a44a261e6710cdd, type: 3}
      propertyPath: m_LocalPosition.x
      value: 267.73737
      objectReference: {fileID: 0}
    - target: {fileID: 485588, guid: eb58e8f2831a51f45a44a261e6710cdd, type: 3}
      propertyPath: m_LocalPosition.y
      value: 28.139917
      objectReference: {fileID: 0}
    - target: {fileID: 485588, guid: eb58e8f2831a51f45a44a261e6710cdd, type: 3}
      propertyPath: m_LocalPosition.z
      value: 212.25409
      objectReference: {fileID: 0}
    - target: {fileID: 485588, guid: eb58e8f2831a51f45a44a261e6710cdd, type: 3}
      propertyPath: m_LocalRotation.w
      value: 0.8609027
      objectReference: {fileID: 0}
    - target: {fileID: 485588, guid: eb58e8f2831a51f45a44a261e6710cdd, type: 3}
      propertyPath: m_LocalRotation.x
      value: 0.0056056096
      objectReference: {fileID: 0}
    - target: {fileID: 485588, guid: eb58e8f2831a51f45a44a261e6710cdd, type: 3}
      propertyPath: m_LocalRotation.y
      value: -0.46872893
      objectReference: {fileID: 0}
    - target: {fileID: 485588, guid: eb58e8f2831a51f45a44a261e6710cdd, type: 3}
      propertyPath: m_LocalRotation.z
      value: 0.19775829
      objectReference: {fileID: 0}
    - target: {fileID: 485588, guid: eb58e8f2831a51f45a44a261e6710cdd, type: 3}
      propertyPath: m_LocalEulerAnglesHint.x
      value: 11.247
      objectReference: {fileID: 0}
    - target: {fileID: 485588, guid: eb58e8f2831a51f45a44a261e6710cdd, type: 3}
      propertyPath: m_LocalEulerAnglesHint.y
      value: -55.145
      objectReference: {fileID: 0}
    - target: {fileID: 485588, guid: eb58e8f2831a51f45a44a261e6710cdd, type: 3}
      propertyPath: m_LocalEulerAnglesHint.z
      value: 19.987
      objectReference: {fileID: 0}
    m_RemovedComponents: []
    m_RemovedGameObjects: []
    m_AddedGameObjects: []
    m_AddedComponents: []
  m_SourcePrefab: {fileID: 100100000, guid: eb58e8f2831a51f45a44a261e6710cdd, type: 3}
--- !u!1001 &1151617232
PrefabInstance:
  m_ObjectHideFlags: 0
  serializedVersion: 2
  m_Modification:
    serializedVersion: 3
    m_TransformParent: {fileID: 0}
    m_Modifications:
    - target: {fileID: 100000, guid: 4ecfa3d3919108f4fbff80d1c4d920a1, type: 3}
      propertyPath: m_Name
      value: WFX_SmokeGrenade Additive
      objectReference: {fileID: 0}
    - target: {fileID: 400000, guid: 4ecfa3d3919108f4fbff80d1c4d920a1, type: 3}
      propertyPath: m_LocalScale.x
      value: 133.34438
      objectReference: {fileID: 0}
    - target: {fileID: 400000, guid: 4ecfa3d3919108f4fbff80d1c4d920a1, type: 3}
      propertyPath: m_LocalScale.y
      value: 133.34438
      objectReference: {fileID: 0}
    - target: {fileID: 400000, guid: 4ecfa3d3919108f4fbff80d1c4d920a1, type: 3}
      propertyPath: m_LocalScale.z
      value: 133.34438
      objectReference: {fileID: 0}
    - target: {fileID: 400000, guid: 4ecfa3d3919108f4fbff80d1c4d920a1, type: 3}
      propertyPath: m_LocalPosition.x
      value: 31.9
      objectReference: {fileID: 0}
    - target: {fileID: 400000, guid: 4ecfa3d3919108f4fbff80d1c4d920a1, type: 3}
      propertyPath: m_LocalPosition.y
      value: 77.6
      objectReference: {fileID: 0}
    - target: {fileID: 400000, guid: 4ecfa3d3919108f4fbff80d1c4d920a1, type: 3}
      propertyPath: m_LocalPosition.z
      value: 9.2
      objectReference: {fileID: 0}
    - target: {fileID: 400000, guid: 4ecfa3d3919108f4fbff80d1c4d920a1, type: 3}
      propertyPath: m_LocalRotation.w
      value: 0.7071068
      objectReference: {fileID: 0}
    - target: {fileID: 400000, guid: 4ecfa3d3919108f4fbff80d1c4d920a1, type: 3}
      propertyPath: m_LocalRotation.x
      value: -0.7071068
      objectReference: {fileID: 0}
    - target: {fileID: 400000, guid: 4ecfa3d3919108f4fbff80d1c4d920a1, type: 3}
      propertyPath: m_LocalRotation.y
      value: 0
      objectReference: {fileID: 0}
    - target: {fileID: 400000, guid: 4ecfa3d3919108f4fbff80d1c4d920a1, type: 3}
      propertyPath: m_LocalRotation.z
      value: 0
      objectReference: {fileID: 0}
    - target: {fileID: 400000, guid: 4ecfa3d3919108f4fbff80d1c4d920a1, type: 3}
      propertyPath: m_LocalEulerAnglesHint.x
      value: 0
      objectReference: {fileID: 0}
    - target: {fileID: 400000, guid: 4ecfa3d3919108f4fbff80d1c4d920a1, type: 3}
      propertyPath: m_LocalEulerAnglesHint.y
      value: 0
      objectReference: {fileID: 0}
    - target: {fileID: 400000, guid: 4ecfa3d3919108f4fbff80d1c4d920a1, type: 3}
      propertyPath: m_LocalEulerAnglesHint.z
      value: 0
      objectReference: {fileID: 0}
    - target: {fileID: 19900000, guid: 4ecfa3d3919108f4fbff80d1c4d920a1, type: 3}
      propertyPath: m_Materials.Array.size
      value: 1
      objectReference: {fileID: 0}
    - target: {fileID: 19900002, guid: 4ecfa3d3919108f4fbff80d1c4d920a1, type: 3}
      propertyPath: m_Materials.Array.size
      value: 1
      objectReference: {fileID: 0}
    m_RemovedComponents: []
    m_RemovedGameObjects: []
    m_AddedGameObjects: []
    m_AddedComponents: []
  m_SourcePrefab: {fileID: 100100000, guid: 4ecfa3d3919108f4fbff80d1c4d920a1, type: 3}
--- !u!1001 &1323343025
PrefabInstance:
  m_ObjectHideFlags: 0
  serializedVersion: 2
  m_Modification:
    serializedVersion: 3
    m_TransformParent: {fileID: 0}
    m_Modifications:
    - target: {fileID: 100002, guid: e3b931080c9262e408c0378d77443cb7, type: 3}
      propertyPath: m_Name
      value: WFX_FlameThrower Big
      objectReference: {fileID: 0}
    - target: {fileID: 400002, guid: e3b931080c9262e408c0378d77443cb7, type: 3}
      propertyPath: m_LocalScale.x
      value: 16.513645
      objectReference: {fileID: 0}
    - target: {fileID: 400002, guid: e3b931080c9262e408c0378d77443cb7, type: 3}
      propertyPath: m_LocalScale.y
      value: 16.513645
      objectReference: {fileID: 0}
    - target: {fileID: 400002, guid: e3b931080c9262e408c0378d77443cb7, type: 3}
      propertyPath: m_LocalScale.z
      value: 16.513645
      objectReference: {fileID: 0}
    - target: {fileID: 400002, guid: e3b931080c9262e408c0378d77443cb7, type: 3}
      propertyPath: m_LocalPosition.x
      value: 35.9
      objectReference: {fileID: 0}
    - target: {fileID: 400002, guid: e3b931080c9262e408c0378d77443cb7, type: 3}
      propertyPath: m_LocalPosition.y
      value: 142.79
      objectReference: {fileID: 0}
    - target: {fileID: 400002, guid: e3b931080c9262e408c0378d77443cb7, type: 3}
      propertyPath: m_LocalPosition.z
      value: 103.1
      objectReference: {fileID: 0}
    - target: {fileID: 400002, guid: e3b931080c9262e408c0378d77443cb7, type: 3}
      propertyPath: m_LocalRotation.w
      value: 1
      objectReference: {fileID: 0}
    - target: {fileID: 400002, guid: e3b931080c9262e408c0378d77443cb7, type: 3}
      propertyPath: m_LocalRotation.x
      value: 0
      objectReference: {fileID: 0}
    - target: {fileID: 400002, guid: e3b931080c9262e408c0378d77443cb7, type: 3}
      propertyPath: m_LocalRotation.y
      value: 0
      objectReference: {fileID: 0}
    - target: {fileID: 400002, guid: e3b931080c9262e408c0378d77443cb7, type: 3}
      propertyPath: m_LocalRotation.z
      value: 0
      objectReference: {fileID: 0}
    - target: {fileID: 400002, guid: e3b931080c9262e408c0378d77443cb7, type: 3}
      propertyPath: m_LocalEulerAnglesHint.x
      value: 0
      objectReference: {fileID: 0}
    - target: {fileID: 400002, guid: e3b931080c9262e408c0378d77443cb7, type: 3}
      propertyPath: m_LocalEulerAnglesHint.y
      value: 0
      objectReference: {fileID: 0}
    - target: {fileID: 400002, guid: e3b931080c9262e408c0378d77443cb7, type: 3}
      propertyPath: m_LocalEulerAnglesHint.z
      value: 0
      objectReference: {fileID: 0}
    - target: {fileID: 19900000, guid: e3b931080c9262e408c0378d77443cb7, type: 3}
      propertyPath: m_Materials.Array.size
      value: 1
      objectReference: {fileID: 0}
    - target: {fileID: 19900002, guid: e3b931080c9262e408c0378d77443cb7, type: 3}
      propertyPath: m_Materials.Array.size
      value: 1
      objectReference: {fileID: 0}
    m_RemovedComponents: []
    m_RemovedGameObjects: []
    m_AddedGameObjects: []
    m_AddedComponents: []
  m_SourcePrefab: {fileID: 100100000, guid: e3b931080c9262e408c0378d77443cb7, type: 3}
--- !u!1001 &1536025580
PrefabInstance:
  m_ObjectHideFlags: 0
  serializedVersion: 2
  m_Modification:
    serializedVersion: 3
    m_TransformParent: {fileID: 0}
    m_Modifications:
    - target: {fileID: 100000, guid: 8eaaa4f553116f44b8459bc24201c514, type: 3}
      propertyPath: m_Name
      value: WFX_MF FPS RIFLE3
      objectReference: {fileID: 0}
    - target: {fileID: 400000, guid: 8eaaa4f553116f44b8459bc24201c514, type: 3}
      propertyPath: m_LocalScale.x
      value: 28.832972
      objectReference: {fileID: 0}
    - target: {fileID: 400000, guid: 8eaaa4f553116f44b8459bc24201c514, type: 3}
      propertyPath: m_LocalScale.y
      value: 28.832972
      objectReference: {fileID: 0}
    - target: {fileID: 400000, guid: 8eaaa4f553116f44b8459bc24201c514, type: 3}
      propertyPath: m_LocalScale.z
      value: 28.832972
      objectReference: {fileID: 0}
    - target: {fileID: 400000, guid: 8eaaa4f553116f44b8459bc24201c514, type: 3}
      propertyPath: m_LocalPosition.x
      value: 34.13
      objectReference: {fileID: 0}
    - target: {fileID: 400000, guid: 8eaaa4f553116f44b8459bc24201c514, type: 3}
      propertyPath: m_LocalPosition.y
      value: 140.9
      objectReference: {fileID: 0}
    - target: {fileID: 400000, guid: 8eaaa4f553116f44b8459bc24201c514, type: 3}
      propertyPath: m_LocalPosition.z
      value: 102.28
      objectReference: {fileID: 0}
    - target: {fileID: 400000, guid: 8eaaa4f553116f44b8459bc24201c514, type: 3}
      propertyPath: m_LocalRotation.w
      value: 0.000000295028
      objectReference: {fileID: 0}
    - target: {fileID: 400000, guid: 8eaaa4f553116f44b8459bc24201c514, type: 3}
      propertyPath: m_LocalRotation.x
      value: 8.792485e-15
      objectReference: {fileID: 0}
    - target: {fileID: 400000, guid: 8eaaa4f553116f44b8459bc24201c514, type: 3}
      propertyPath: m_LocalRotation.y
      value: 1
      objectReference: {fileID: 0}
    - target: {fileID: 400000, guid: 8eaaa4f553116f44b8459bc24201c514, type: 3}
      propertyPath: m_LocalRotation.z
      value: -0.000000029802354
      objectReference: {fileID: 0}
    - target: {fileID: 400000, guid: 8eaaa4f553116f44b8459bc24201c514, type: 3}
      propertyPath: m_LocalEulerAnglesHint.x
      value: 0
      objectReference: {fileID: 0}
    - target: {fileID: 400000, guid: 8eaaa4f553116f44b8459bc24201c514, type: 3}
      propertyPath: m_LocalEulerAnglesHint.y
      value: 0
      objectReference: {fileID: 0}
    - target: {fileID: 400000, guid: 8eaaa4f553116f44b8459bc24201c514, type: 3}
      propertyPath: m_LocalEulerAnglesHint.z
      value: 0
      objectReference: {fileID: 0}
    - target: {fileID: 19900000, guid: 8eaaa4f553116f44b8459bc24201c514, type: 3}
      propertyPath: m_Materials.Array.size
      value: 1
      objectReference: {fileID: 0}
    - target: {fileID: 19900002, guid: 8eaaa4f553116f44b8459bc24201c514, type: 3}
      propertyPath: m_Materials.Array.size
      value: 1
      objectReference: {fileID: 0}
    - target: {fileID: 19900004, guid: 8eaaa4f553116f44b8459bc24201c514, type: 3}
      propertyPath: m_Materials.Array.size
      value: 1
      objectReference: {fileID: 0}
    m_RemovedComponents: []
    m_RemovedGameObjects: []
    m_AddedGameObjects: []
    m_AddedComponents: []
  m_SourcePrefab: {fileID: 100100000, guid: 8eaaa4f553116f44b8459bc24201c514, type: 3}
--- !u!1001 &1571176071
PrefabInstance:
  m_ObjectHideFlags: 0
  serializedVersion: 2
  m_Modification:
    serializedVersion: 3
    m_TransformParent: {fileID: 0}
    m_Modifications:
    - target: {fileID: 194904, guid: 445a5c29e7f715947b713a753f242af0, type: 3}
      propertyPath: m_Name
      value: Blue (1)
      objectReference: {fileID: 0}
    - target: {fileID: 480080, guid: 445a5c29e7f715947b713a753f242af0, type: 3}
      propertyPath: m_LocalScale.x
      value: 7.1938386
      objectReference: {fileID: 0}
    - target: {fileID: 480080, guid: 445a5c29e7f715947b713a753f242af0, type: 3}
      propertyPath: m_LocalScale.y
      value: 7.1938386
      objectReference: {fileID: 0}
    - target: {fileID: 480080, guid: 445a5c29e7f715947b713a753f242af0, type: 3}
      propertyPath: m_LocalScale.z
      value: 7.1938386
      objectReference: {fileID: 0}
    - target: {fileID: 480080, guid: 445a5c29e7f715947b713a753f242af0, type: 3}
      propertyPath: m_LocalPosition.x
      value: 267.5792
      objectReference: {fileID: 0}
    - target: {fileID: 480080, guid: 445a5c29e7f715947b713a753f242af0, type: 3}
      propertyPath: m_LocalPosition.y
      value: 71.7
      objectReference: {fileID: 0}
    - target: {fileID: 480080, guid: 445a5c29e7f715947b713a753f242af0, type: 3}
      propertyPath: m_LocalPosition.z
      value: -337.91763
      objectReference: {fileID: 0}
    - target: {fileID: 480080, guid: 445a5c29e7f715947b713a753f242af0, type: 3}
      propertyPath: m_LocalRotation.w
      value: 0.96846277
      objectReference: {fileID: 0}
    - target: {fileID: 480080, guid: 445a5c29e7f715947b713a753f242af0, type: 3}
      propertyPath: m_LocalRotation.x
      value: -0.028975317
      objectReference: {fileID: 0}
    - target: {fileID: 480080, guid: 445a5c29e7f715947b713a753f242af0, type: 3}
      propertyPath: m_LocalRotation.y
      value: -0.04719125
      objectReference: {fileID: 0}
    - target: {fileID: 480080, guid: 445a5c29e7f715947b713a753f242af0, type: 3}
      propertyPath: m_LocalRotation.z
      value: 0.24292654
      objectReference: {fileID: 0}
    - target: {fileID: 480080, guid: 445a5c29e7f715947b713a753f242af0, type: 3}
      propertyPath: m_LocalEulerAnglesHint.x
      value: -1.902
      objectReference: {fileID: 0}
    - target: {fileID: 480080, guid: 445a5c29e7f715947b713a753f242af0, type: 3}
      propertyPath: m_LocalEulerAnglesHint.y
      value: -6.058
      objectReference: {fileID: 0}
    - target: {fileID: 480080, guid: 445a5c29e7f715947b713a753f242af0, type: 3}
      propertyPath: m_LocalEulerAnglesHint.z
      value: 28.263
      objectReference: {fileID: 0}
    m_RemovedComponents: []
    m_RemovedGameObjects: []
    m_AddedGameObjects: []
    m_AddedComponents: []
  m_SourcePrefab: {fileID: 100100000, guid: 445a5c29e7f715947b713a753f242af0, type: 3}
--- !u!1001 &1681257009
PrefabInstance:
  m_ObjectHideFlags: 0
  serializedVersion: 2
  m_Modification:
    serializedVersion: 3
    m_TransformParent: {fileID: 0}
    m_Modifications:
    - target: {fileID: 132738, guid: aeb4794909bc89d43b72ad784903e0f5, type: 3}
      propertyPath: m_Name
      value: Green (2)
      objectReference: {fileID: 0}
    - target: {fileID: 425328, guid: aeb4794909bc89d43b72ad784903e0f5, type: 3}
      propertyPath: m_LocalScale.x
      value: 9.454471
      objectReference: {fileID: 0}
    - target: {fileID: 425328, guid: aeb4794909bc89d43b72ad784903e0f5, type: 3}
      propertyPath: m_LocalScale.y
      value: 9.454471
      objectReference: {fileID: 0}
    - target: {fileID: 425328, guid: aeb4794909bc89d43b72ad784903e0f5, type: 3}
      propertyPath: m_LocalScale.z
      value: 9.454471
      objectReference: {fileID: 0}
    - target: {fileID: 425328, guid: aeb4794909bc89d43b72ad784903e0f5, type: 3}
      propertyPath: m_LocalPosition.x
      value: -234.49799
      objectReference: {fileID: 0}
    - target: {fileID: 425328, guid: aeb4794909bc89d43b72ad784903e0f5, type: 3}
      propertyPath: m_LocalPosition.y
      value: 19.5
      objectReference: {fileID: 0}
    - target: {fileID: 425328, guid: aeb4794909bc89d43b72ad784903e0f5, type: 3}
      propertyPath: m_LocalPosition.z
      value: -125.229675
      objectReference: {fileID: 0}
    - target: {fileID: 425328, guid: aeb4794909bc89d43b72ad784903e0f5, type: 3}
      propertyPath: m_LocalRotation.w
      value: 0.988432
      objectReference: {fileID: 0}
    - target: {fileID: 425328, guid: aeb4794909bc89d43b72ad784903e0f5, type: 3}
      propertyPath: m_LocalRotation.x
      value: -0
      objectReference: {fileID: 0}
    - target: {fileID: 425328, guid: aeb4794909bc89d43b72ad784903e0f5, type: 3}
      propertyPath: m_LocalRotation.y
      value: 0.151665
      objectReference: {fileID: 0}
    - target: {fileID: 425328, guid: aeb4794909bc89d43b72ad784903e0f5, type: 3}
      propertyPath: m_LocalRotation.z
      value: -0
      objectReference: {fileID: 0}
    - target: {fileID: 425328, guid: aeb4794909bc89d43b72ad784903e0f5, type: 3}
      propertyPath: m_LocalEulerAnglesHint.x
      value: 0
      objectReference: {fileID: 0}
    - target: {fileID: 425328, guid: aeb4794909bc89d43b72ad784903e0f5, type: 3}
      propertyPath: m_LocalEulerAnglesHint.y
      value: 17.447
      objectReference: {fileID: 0}
    - target: {fileID: 425328, guid: aeb4794909bc89d43b72ad784903e0f5, type: 3}
      propertyPath: m_LocalEulerAnglesHint.z
      value: 0
      objectReference: {fileID: 0}
    m_RemovedComponents: []
    m_RemovedGameObjects: []
    m_AddedGameObjects: []
    m_AddedComponents: []
  m_SourcePrefab: {fileID: 100100000, guid: aeb4794909bc89d43b72ad784903e0f5, type: 3}
--- !u!1001 &1722586128
PrefabInstance:
  m_ObjectHideFlags: 0
  serializedVersion: 2
  m_Modification:
    serializedVersion: 3
    m_TransformParent: {fileID: 0}
    m_Modifications:
    - target: {fileID: 130964, guid: c644a2181ac22e740968a7ece97e8f36, type: 3}
      propertyPath: m_Name
      value: Blue
      objectReference: {fileID: 0}
    - target: {fileID: 411342, guid: c644a2181ac22e740968a7ece97e8f36, type: 3}
      propertyPath: m_LocalScale.x
      value: 17.593237
      objectReference: {fileID: 0}
    - target: {fileID: 411342, guid: c644a2181ac22e740968a7ece97e8f36, type: 3}
      propertyPath: m_LocalScale.y
      value: 17.593237
      objectReference: {fileID: 0}
    - target: {fileID: 411342, guid: c644a2181ac22e740968a7ece97e8f36, type: 3}
      propertyPath: m_LocalScale.z
      value: 17.593237
      objectReference: {fileID: 0}
    - target: {fileID: 411342, guid: c644a2181ac22e740968a7ece97e8f36, type: 3}
      propertyPath: m_LocalPosition.x
      value: 235.73
      objectReference: {fileID: 0}
    - target: {fileID: 411342, guid: c644a2181ac22e740968a7ece97e8f36, type: 3}
      propertyPath: m_LocalPosition.y
      value: 11.9
      objectReference: {fileID: 0}
    - target: {fileID: 411342, guid: c644a2181ac22e740968a7ece97e8f36, type: 3}
      propertyPath: m_LocalPosition.z
      value: -54.356
      objectReference: {fileID: 0}
    - target: {fileID: 411342, guid: c644a2181ac22e740968a7ece97e8f36, type: 3}
      propertyPath: m_LocalRotation.w
      value: 1
      objectReference: {fileID: 0}
    - target: {fileID: 411342, guid: c644a2181ac22e740968a7ece97e8f36, type: 3}
      propertyPath: m_LocalRotation.x
      value: 0
      objectReference: {fileID: 0}
    - target: {fileID: 411342, guid: c644a2181ac22e740968a7ece97e8f36, type: 3}
      propertyPath: m_LocalRotation.y
      value: 0
      objectReference: {fileID: 0}
    - target: {fileID: 411342, guid: c644a2181ac22e740968a7ece97e8f36, type: 3}
      propertyPath: m_LocalRotation.z
      value: 0
      objectReference: {fileID: 0}
    - target: {fileID: 411342, guid: c644a2181ac22e740968a7ece97e8f36, type: 3}
      propertyPath: m_LocalEulerAnglesHint.x
      value: 0
      objectReference: {fileID: 0}
    - target: {fileID: 411342, guid: c644a2181ac22e740968a7ece97e8f36, type: 3}
      propertyPath: m_LocalEulerAnglesHint.y
      value: 0
      objectReference: {fileID: 0}
    - target: {fileID: 411342, guid: c644a2181ac22e740968a7ece97e8f36, type: 3}
      propertyPath: m_LocalEulerAnglesHint.z
      value: 0
      objectReference: {fileID: 0}
    m_RemovedComponents: []
    m_RemovedGameObjects: []
    m_AddedGameObjects: []
    m_AddedComponents: []
  m_SourcePrefab: {fileID: 100100000, guid: c644a2181ac22e740968a7ece97e8f36, type: 3}
--- !u!1001 &1729618983
PrefabInstance:
  m_ObjectHideFlags: 0
  serializedVersion: 2
  m_Modification:
    serializedVersion: 3
    m_TransformParent: {fileID: 0}
    m_Modifications:
    - target: {fileID: 1949430161825482, guid: 9e066cea98814aa448c70270a3c60251, type: 3}
      propertyPath: m_Name
      value: Crusader tank_prefab
      objectReference: {fileID: 0}
    - target: {fileID: 4394185532969230, guid: 9e066cea98814aa448c70270a3c60251, type: 3}
      propertyPath: m_LocalScale.x
      value: 2.4883237
      objectReference: {fileID: 0}
    - target: {fileID: 4394185532969230, guid: 9e066cea98814aa448c70270a3c60251, type: 3}
      propertyPath: m_LocalScale.y
      value: 2.4883237
      objectReference: {fileID: 0}
    - target: {fileID: 4394185532969230, guid: 9e066cea98814aa448c70270a3c60251, type: 3}
      propertyPath: m_LocalScale.z
      value: 2.4883237
      objectReference: {fileID: 0}
    - target: {fileID: 4394185532969230, guid: 9e066cea98814aa448c70270a3c60251, type: 3}
      propertyPath: m_LocalPosition.x
      value: 11.7
      objectReference: {fileID: 0}
    - target: {fileID: 4394185532969230, guid: 9e066cea98814aa448c70270a3c60251, type: 3}
      propertyPath: m_LocalPosition.y
      value: 26.11
      objectReference: {fileID: 0}
    - target: {fileID: 4394185532969230, guid: 9e066cea98814aa448c70270a3c60251, type: 3}
      propertyPath: m_LocalPosition.z
      value: 233.47
      objectReference: {fileID: 0}
    - target: {fileID: 4394185532969230, guid: 9e066cea98814aa448c70270a3c60251, type: 3}
      propertyPath: m_LocalRotation.w
      value: 0.19592255
      objectReference: {fileID: 0}
    - target: {fileID: 4394185532969230, guid: 9e066cea98814aa448c70270a3c60251, type: 3}
      propertyPath: m_LocalRotation.x
      value: -0
      objectReference: {fileID: 0}
    - target: {fileID: 4394185532969230, guid: 9e066cea98814aa448c70270a3c60251, type: 3}
      propertyPath: m_LocalRotation.y
      value: 0.9806194
      objectReference: {fileID: 0}
    - target: {fileID: 4394185532969230, guid: 9e066cea98814aa448c70270a3c60251, type: 3}
      propertyPath: m_LocalRotation.z
      value: -0
      objectReference: {fileID: 0}
    - target: {fileID: 4394185532969230, guid: 9e066cea98814aa448c70270a3c60251, type: 3}
      propertyPath: m_LocalEulerAnglesHint.x
      value: 0
      objectReference: {fileID: 0}
    - target: {fileID: 4394185532969230, guid: 9e066cea98814aa448c70270a3c60251, type: 3}
      propertyPath: m_LocalEulerAnglesHint.y
      value: 157.403
      objectReference: {fileID: 0}
    - target: {fileID: 4394185532969230, guid: 9e066cea98814aa448c70270a3c60251, type: 3}
      propertyPath: m_LocalEulerAnglesHint.z
      value: 0
      objectReference: {fileID: 0}
    m_RemovedComponents: []
    m_RemovedGameObjects: []
    m_AddedGameObjects: []
    m_AddedComponents: []
  m_SourcePrefab: {fileID: 100100000, guid: 9e066cea98814aa448c70270a3c60251, type: 3}
--- !u!1001 &1913285892
PrefabInstance:
  m_ObjectHideFlags: 0
  serializedVersion: 2
  m_Modification:
    serializedVersion: 3
    m_TransformParent: {fileID: 0}
    m_Modifications:
    - target: {fileID: 100000, guid: 780611a67e8e941a2b3aa96e5915a793, type: 3}
      propertyPath: m_Name
      value: WaterProDaytime
      objectReference: {fileID: 0}
    - target: {fileID: 400000, guid: 780611a67e8e941a2b3aa96e5915a793, type: 3}
      propertyPath: m_LocalScale.x
      value: 77.829575
      objectReference: {fileID: 0}
    - target: {fileID: 400000, guid: 780611a67e8e941a2b3aa96e5915a793, type: 3}
      propertyPath: m_LocalScale.y
      value: 4.8643484
      objectReference: {fileID: 0}
    - target: {fileID: 400000, guid: 780611a67e8e941a2b3aa96e5915a793, type: 3}
      propertyPath: m_LocalScale.z
      value: 77.829575
      objectReference: {fileID: 0}
    - target: {fileID: 400000, guid: 780611a67e8e941a2b3aa96e5915a793, type: 3}
      propertyPath: m_LocalPosition.x
      value: 18.9
      objectReference: {fileID: 0}
    - target: {fileID: 400000, guid: 780611a67e8e941a2b3aa96e5915a793, type: 3}
      propertyPath: m_LocalPosition.y
      value: 67.7
      objectReference: {fileID: 0}
    - target: {fileID: 400000, guid: 780611a67e8e941a2b3aa96e5915a793, type: 3}
      propertyPath: m_LocalPosition.z
      value: -8
      objectReference: {fileID: 0}
    - target: {fileID: 400000, guid: 780611a67e8e941a2b3aa96e5915a793, type: 3}
      propertyPath: m_LocalRotation.w
      value: 1
      objectReference: {fileID: 0}
    - target: {fileID: 400000, guid: 780611a67e8e941a2b3aa96e5915a793, type: 3}
      propertyPath: m_LocalRotation.x
      value: 0
      objectReference: {fileID: 0}
    - target: {fileID: 400000, guid: 780611a67e8e941a2b3aa96e5915a793, type: 3}
      propertyPath: m_LocalRotation.y
      value: 0
      objectReference: {fileID: 0}
    - target: {fileID: 400000, guid: 780611a67e8e941a2b3aa96e5915a793, type: 3}
      propertyPath: m_LocalRotation.z
      value: 0
      objectReference: {fileID: 0}
    - target: {fileID: 400000, guid: 780611a67e8e941a2b3aa96e5915a793, type: 3}
      propertyPath: m_LocalEulerAnglesHint.x
      value: 0
      objectReference: {fileID: 0}
    - target: {fileID: 400000, guid: 780611a67e8e941a2b3aa96e5915a793, type: 3}
      propertyPath: m_LocalEulerAnglesHint.y
      value: 0
      objectReference: {fileID: 0}
    - target: {fileID: 400000, guid: 780611a67e8e941a2b3aa96e5915a793, type: 3}
      propertyPath: m_LocalEulerAnglesHint.z
      value: 0
      objectReference: {fileID: 0}
    m_RemovedComponents: []
    m_RemovedGameObjects: []
    m_AddedGameObjects: []
    m_AddedComponents: []
  m_SourcePrefab: {fileID: 100100000, guid: 780611a67e8e941a2b3aa96e5915a793, type: 3}
--- !u!1001 &1943166053
PrefabInstance:
  m_ObjectHideFlags: 0
  serializedVersion: 2
  m_Modification:
    serializedVersion: 3
    m_TransformParent: {fileID: 0}
    m_Modifications:
    - target: {fileID: 174418, guid: 36c38a65d57de7d4a9a582f9ee857701, type: 3}
      propertyPath: m_Name
      value: Grey
      objectReference: {fileID: 0}
    - target: {fileID: 489222, guid: 36c38a65d57de7d4a9a582f9ee857701, type: 3}
      propertyPath: m_LocalScale.x
      value: 16.259302
      objectReference: {fileID: 0}
    - target: {fileID: 489222, guid: 36c38a65d57de7d4a9a582f9ee857701, type: 3}
      propertyPath: m_LocalScale.y
      value: 16.259302
      objectReference: {fileID: 0}
    - target: {fileID: 489222, guid: 36c38a65d57de7d4a9a582f9ee857701, type: 3}
      propertyPath: m_LocalScale.z
      value: 16.259302
      objectReference: {fileID: 0}
    - target: {fileID: 489222, guid: 36c38a65d57de7d4a9a582f9ee857701, type: 3}
      propertyPath: m_LocalPosition.x
      value: 78.85495
      objectReference: {fileID: 0}
    - target: {fileID: 489222, guid: 36c38a65d57de7d4a9a582f9ee857701, type: 3}
      propertyPath: m_LocalPosition.y
      value: 27.799126
      objectReference: {fileID: 0}
    - target: {fileID: 489222, guid: 36c38a65d57de7d4a9a582f9ee857701, type: 3}
      propertyPath: m_LocalPosition.z
      value: 399.1279
      objectReference: {fileID: 0}
    - target: {fileID: 489222, guid: 36c38a65d57de7d4a9a582f9ee857701, type: 3}
      propertyPath: m_LocalRotation.w
      value: 0.2012644
      objectReference: {fileID: 0}
    - target: {fileID: 489222, guid: 36c38a65d57de7d4a9a582f9ee857701, type: 3}
      propertyPath: m_LocalRotation.x
      value: 0.058083657
      objectReference: {fileID: 0}
    - target: {fileID: 489222, guid: 36c38a65d57de7d4a9a582f9ee857701, type: 3}
      propertyPath: m_LocalRotation.y
      value: -0.9739908
      objectReference: {fileID: 0}
    - target: {fileID: 489222, guid: 36c38a65d57de7d4a9a582f9ee857701, type: 3}
      propertyPath: m_LocalRotation.z
      value: 0.08637685
      objectReference: {fileID: 0}
    - target: {fileID: 489222, guid: 36c38a65d57de7d4a9a582f9ee857701, type: 3}
      propertyPath: m_LocalEulerAnglesHint.x
      value: 11.049
      objectReference: {fileID: 0}
    - target: {fileID: 489222, guid: 36c38a65d57de7d4a9a582f9ee857701, type: 3}
      propertyPath: m_LocalEulerAnglesHint.y
      value: -157.093
      objectReference: {fileID: 0}
    - target: {fileID: 489222, guid: 36c38a65d57de7d4a9a582f9ee857701, type: 3}
      propertyPath: m_LocalEulerAnglesHint.z
      value: -4.58
      objectReference: {fileID: 0}
    m_RemovedComponents: []
    m_RemovedGameObjects: []
    m_AddedGameObjects: []
    m_AddedComponents: []
  m_SourcePrefab: {fileID: 100100000, guid: 36c38a65d57de7d4a9a582f9ee857701, type: 3}
--- !u!1660057539 &9223372036854775807
SceneRoots:
  m_ObjectHideFlags: 0
  m_Roots:
  - {fileID: 963194228}
  - {fileID: 705507995}
  - {fileID: 1075666359}
  - {fileID: 1913285892}
  - {fileID: 1729618983}
  - {fileID: 537095657}
  - {fileID: 346663877}
  - {fileID: 137790291}
  - {fileID: 1943166053}
  - {fileID: 1722586128}
  - {fileID: 767774691}
  - {fileID: 1098711885}
  - {fileID: 257115935}
  - {fileID: 1681257009}
  - {fileID: 1571176071}
  - {fileID: 1151617232}
  - {fileID: 1323343025}
  - {fileID: 1536025580}
